@misc{SQLne,
	author = {EncuRed},
	title = {SQL},
	year = {ne},
	howpublished = {Recuperado de  {https://www.ecured.cu/SQL}},
	note = {Accedido 15-08-2019}
}

@misc{Miguel1999,
	author = {De Miguel, A. y Piattini, M. },
	title = {Fundamentos y Modelos de Bases de Datos},
	year = {1999},
	howpublished = {Editorial Rama}
}

@misc{Caselles2011,
	author = {Caselles, J. },
	title = {Est√°ndares ANSI SQL},
	year = {2011},
	howpublished = {Recuperado de  {http://www.coninteres.es/sql/material/Estandares\_ANSI-SQL.pdf}},
	note = {Accedido 17-08-2019}
}

@misc{Hernandez2008,
	author = {Hernandez, J. },
	title = {Sintaxis del Lenguaje SQL/92},
	year = {2008},
	howpublished = {Recuperado de  {http://josephorallo.webs.upv.es/docent/BDA/Examens/sintaxisexamen.pdf}},
	note = {Accedido 18-08-2019}
}

@misc{Viescas2018,
	author = {Viescas, J. },
	title = {SQL Queries for Mere Mortals: A Hands-On Guide to Data Manipulation in SQL},
	year = {2018},
	howpublished = {Recuperado de  {https://bit.ly/2MryZX6}},
	note = {Accedido 18-08-2019}
}